<record><leader>00000cas a2200000 a 4500</leader><controlfield tag="001">19578462</controlfield><controlfield tag="008">890420d19471984nyuwr ne      0    0eng d</controlfield><datafield ind1=" " ind2=" " tag="010"><subfield code="a">sn 90066051 </subfield></datafield><datafield ind1=" " ind2=" " tag="040"><subfield code="a">YSC</subfield><subfield code="b">eng</subfield><subfield code="c">YSC</subfield><subfield code="d">NYS</subfield><subfield code="d">OCL</subfield><subfield code="d">OCLCQ</subfield></datafield><datafield ind1=" " ind2=" " tag="042"><subfield code="a">msc</subfield></datafield><datafield ind1="0" ind2="4" tag="245"><subfield code="a">The Vestal news.</subfield></datafield><datafield ind1=" " ind2=" " tag="260"><subfield code="a">Vestal, N.Y. :</subfield><subfield code="b">Vestal News and Print. Co.</subfield></datafield><datafield ind1=" " ind2=" " tag="300"><subfield code="a">v. :</subfield><subfield code="b">ill.</subfield></datafield><datafield ind1=" " ind2=" " tag="310"><subfield code="a">Weekly</subfield></datafield><datafield ind1="0" ind2=" " tag="362"><subfield code="a">Vol. 1, no. 1 (Nov. 20, 1947)-v. 36, no. 31 (May 10, 1984).</subfield></datafield><datafield ind1=" " ind2=" " tag="500"><subfield code="a">"Official newspaper of the Town of Vestal."</subfield></datafield><datafield ind1=" " ind2="4" tag="651"><subfield code="a">Vestal (N.Y.)</subfield><subfield code="v">Newspapers.</subfield></datafield><datafield ind1=" " ind2=" " tag="752"><subfield code="a">United States</subfield><subfield code="b">New York</subfield><subfield code="c">Broome</subfield><subfield code="d">Vestal.</subfield></datafield><datafield ind1="0" ind2="7" tag="785"><subfield code="t">Tempo of the towns</subfield><subfield code="w">(DLC)sn 90066052</subfield><subfield code="w">(OCoLC)21473001</subfield></datafield><datafield ind1="0" ind2="7" tag="785"><subfield code="t">Valley news (Vestal, N.Y.)</subfield><subfield code="w">(DLC)sn 90066494</subfield><subfield code="w">(OCoLC)13747574</subfield></datafield><datafield ind1="1" ind2=" " tag="029"><subfield code="a">AU@</subfield><subfield code="b">000020609081</subfield></datafield></record>